
@book{khalil2004modeling,
	title={Modeling, Identification and Control of Robots},
	author={Khalil, W. and Dombre, E.},
	isbn={9780080536613},
	series={Kogan Page Science paper edition},
	url={https://books.google.fr/books?id=nyrY0Pu5kl0C},
	year={2004},
	publisher={Elsevier Science}
}

@book{ogata2010modern,
  title={Modern Control Engineering},
  author={Ogata, K.},
  isbn={9780136156734},
  lccn={2010483801},
  series={Instrumentation and controls series},
  url={https://books.google.fr/books?id=Wu5GpNAelzkC},
  year={2010},
  publisher={Prentice Hall}
}

@book{craig2005introduction,
  title={Introduction to Robotics: Mechanics and Control},
  author={Craig, J.J.},
  isbn={9780201543612},
  lccn={88037607},
  series={Addison-Wesley series in electrical and computer engineering: control engineering},
  url={https://books.google.fr/books?id=MqMeAQAAIAAJ},
  year={2005},
  publisher={Pearson/Prentice Hall}
}

@book{murray1994mathematical,
  title={A Mathematical Introduction to Robotic Manipulation},
  author={Murray, R.M. and Li, Z. and Sastry, S.S. and Sastry, S.S.},
  isbn={9780849379819},
  lccn={93033167},
  url={https://books.google.fr/books?id=D\_PqGKRo7oIC},
  year={1994},
  publisher={Taylor \& Francis}
}

@article{KELLY20051423,
title = "Manipulator motion control in operational space using joint velocity inner loops",
journal = "Automatica",
volume = "41",
number = "8",
pages = "1423 - 1432",
year = "2005",
note = "",
issn = "0005-1098",
doi = "http://dx.doi.org/10.1016/j.automatica.2005.03.008",
url = "http://www.sciencedirect.com/science/article/pii/S000510980500107X",
author = "Rafael Kelly and Javier Moreno",
keywords = "Manipulator control",
keywords = "Cascade systems stability",
keywords = "Exponential stability",
keywords = "Operational space",
keywords = "Direct-drive robot"
}

@misc{YoubotKin,
  title = {KUKA youBot kinematics, dynamics and 3D model},
  howpublished = {\url{http://www.youbot-store.com/developers/kuka-youbot-kinematics-dynamics-and-3d-model-81}},
  note = {Accessed: 2017-05-10}
}

@misc{Youbotdriver,
	title = {KUKA youBot driver documentation},
	howpublished = {\url{http://www.youbot-store.com/wiki/index.php?title=Youbot_driver#Installation_.28without_ROS.29}},
	note = {Accessed: 2017-05-20}
}


@misc{roscatkin,
	title = {ROS Creation espace travaille catkin },
	howpublished = {\url{http://wiki.ros.org/catkin/Tutorials/create_a_workspace}},
	note = {Accessed: 2017-05-20}
}

@misc{gazeboyoubot,
	title = {Installation de youBot Gazebo},
	howpublished = {\url{http://www.youbot-store.com/wiki/index.php/Gazebo_simulation}},
	note = {Accessed: 2017-05-20}
}


@misc{roswrapper,
	title = {Ros Wrapper},
	howpublished = {\url{http://www.youbot-store.com/wiki/index.php/ROS_Wrapper}},
	note = {Accessed: 2017-05-20}
}


@misc{rosyoubotcommon,
	title = {Documentation de youbot_common},
	howpublished = {\url{http://wiki.ros.org/youbot_common}},
	note = {Accessed: 2017-05-20}
}


@misc{turtlebot_teleop,
	title = {Documentation de turtlebot_teleop},
	howpublished = {\url{http://wiki.ros.org/turtlebot_teleop}},
	note = {Accessed: 2017-05-20}
}

@misc{matlabrobotics,
	title = {Robotics System Toolbox Examples},
	howpublished = {\url{https://fr.mathworks.com/help/robotics/examples.html}},
	note = {Accessed: 2017-05-20}
}


@misc{youbot_driver,
	title = {Documentation de youbot_driver},
	howpublished = {\url{http://wiki.ros.org/youbot_driver}},
	note = {Accessed: 2017-05-20}
}

@misc{rosdoc,
	title = {Documentation du ROS},
	howpublished = {\url{http://wiki.ros.org/}},
	note = {Accessed: 2017-05-20}
}

@misc{downloadmachine,
	title = {Lien de téléchargement de la machine avec ROS pré-installé.},
	howpublished = {\url{https://www.mathworks.com/supportfiles/robotics/ros/virtual_machines/v3/installation_instructions.htm}},
	note = {Accessed: 2017-05-20}
}








