@book{ogata2010modern,
  title={Modern Control Engineering},
  author={Ogata, K.},
  isbn={9780136156734},
  lccn={2010483801},
  series={Instrumentation and controls series},
  url={https://books.google.fr/books?id=Wu5GpNAelzkC},
  year={2010},
  publisher={Prentice Hall}
}

@phdthesis{cosson:tel-01374469,
	TITLE = {{Stability of a distribution electrical network. Analysis from a complex system point of view}},
	AUTHOR = {Cosson, Marjorie},
	URL = {https://tel.archives-ouvertes.fr/tel-01374469},
	NUMBER = {2016SACLC065},
	SCHOOL = {{Universit{\'e} Paris-Saclay}},
	YEAR = {2016},
	MONTH = Sep,
	KEYWORDS = {Stability analysis ; Hybrid systems ; Distributed generation ; Voltage stability ; Insertion de la production d{\'e}centralis{\'e}e ; Stabilit{\'e} en tension ; Analyse de stabilit{\'e} ; Syst{\`e}mes hybrides},
	TYPE = {Theses},
	PDF = {https://tel.archives-ouvertes.fr/tel-01374469/file/74825_COSSON_2016_archivage.pdf},
	HAL_ID = {tel-01374469},
	HAL_VERSION = {v1},
}

@article{mariani2013controllo,
	title={Controllo predittivo con vincoli soft e logica di gestione del tap changer di una rete elettrica con generazione distribuita},
	author={Mariani, Federico},
	year={2013},
	publisher={Italy}
}

@article{farina2015model,
	title={Model predictive control of voltage profiles in MV networks with distributed generation},
	author={Farina, Marcello and Guagliardi, Antonio and Mariani, Federico and Sandroni, Carlo and Scattolini, Riccardo},
	journal={Control Engineering Practice},
	volume={34},
	pages={18--29},
	year={2015},
	publisher={Elsevier}
}

@article{yidong,
	title={Voltage Stabilisation of Distribution Grid},
	author={Wang,Yidong},
	year={2017}
}